@inproceedings{minachin2007reconstruction,
  title={Reconstruction of Historic Images Taken in 1900s by the Technique of Triple Color Photography: Problems and Suggested Solutions},
  author={Minachin, V and Murashov, D and Davidov, Yu and Dimentman, D},
  booktitle={Pattern Recognition and Information Processing (PRIP'2007): Proc. of the 9 International Conference (22-24 May 2007), Minsk, Belarus.-Minsk: UIIP of NAS of Belarus},
  volume={2},
  pages={6--10},
  year={2007}
}

@article{bay2006surf,
  title={{SURF}: Speeded Up Robust Features},
  author={Bay, Herbert and Tuytelaars, Tinne and Van Gool, Luc},
  journal={Computer vision--ECCV 2006},
  pages={404--417},
  year={2006},
  publisher={Springer}
}
